/annex/objects/SHA256E-s8165562--81ffcc06c62bb66e2c00b42efb579fccee0a894703218ef883bd2e3e467a4b45.bib
